@misc{DataCorruptor,
    author = {Peter Christen, Dinusha Vatsalan},
    title = {{Flexible and extensible generation and corruption of personal data}},
    howpublished = "\url{http://dl.acm.org/citation.cfm?id=2507815}",
    year = {2013}, 
    note = "[Online; accessed 02-June-2016]"
}

@misc{ApacheFlink,
    author = {The Apache Software Foundation},
    title = {{Apache Flink}},
    howpublished = "\url{https://flink.apache.org}",
    year = {2014-2015}, 
    note = "[Online; accessed 02-June-2016]"
}

@misc{Baqend,
    author = {Baqend},
    title = {{Baqend}},
    howpublished = "\url{https://github.com/Baqend}",
    year = {2016}, 
    note = "[Online; accessed 02-June-2016]"
}

@misc{Debatty,
    author = {tdebatty},
    title = {{Debatty}},
    howpublished = "\url{https://github.com/tdebatty/java-LSH}",
    year = {2016}, 
    note = "[Online; accessed 02-June-2016]"
}

@misc{NorthCarolinaVoterRegistration,
    author = {North Carolina Government},
    title = {{North Carolina Voter Registration Database}},
    howpublished = "\url{http://dl.ncsbe.gov}",
    year = {2016}, 
    note = "[Online; accessed 02-June-2016]"
}

